@article{flat,
 author = {Blelloch, Guy E. and Sabot, Gary W.},
 title = {Compiling Collection-oriented Languages Onto Massively Parallel Computers},
 journal = {J. Parallel Distrib. Comput.},
 issue_date = {February 1990},
 volume = {8},
 number = {2},
 month = feb,
 year = {1990},
 issn = {0743-7315},
 pages = {119--134},
 numpages = {16},
 url = {http://dx.doi.org/10.1016/0743-7315(90)90087-6},
 doi = {10.1016/0743-7315(90)90087-6},
 acmid = {78250},
 publisher = {Academic Press, Inc.},
 address = {Orlando, FL, USA},
} 



@article{nesl,
 author = {Blelloch, Guy E. and Hardwick, Jonathan C. and Chatterjee, Siddhartha and Sipelstein, Jay and Zagha, Marco},
 title = {Implementation of a Portable Nested Data-parallel Language},
 journal = {SIGPLAN Not.},
 issue_date = {July 1993},
 volume = {28},
 number = {7},
 month = jul,
 year = {1993},
 issn = {0362-1340},
 pages = {102--111},
 numpages = {10},
 url = {http://doi.acm.org/10.1145/173284.155343},
 doi = {10.1145/173284.155343},
 acmid = {155343},
 publisher = {ACM},
 address = {New York, NY, USA},
} 

@misc{cuda,
  added-at = {2011-05-06T13:22:35.000+0200},
  author = {{NVIDIA Corporation}},
  biburl = {https://www.bibsonomy.org/bibtex/2e90a6474d85eac083c921cf5be29f6ef/toevanen},
  interhash = {b29ebbf94430d6d1720b5562b86f6a32},
  intrahash = {e90a6474d85eac083c921cf5be29f6ef},
  keywords = {CUDA},
  note = {Version 3.2},
  timestamp = {2011-05-06T13:36:56.000+0200},
  title = {{NVIDIA CUDA C} Programming Guide},
  year = 2010
}

@article{prog-guide-cuda,
author = {nVidia},
title  = {NVIDIA CUDA Compute Unified Device Architecture, Programming Guide},
year   = {2008},
url    = {http://developer.download.nvidia.com/compute/cuda/2_0/docs/NVIDIA_CUDA_Programming_Guide_2.0.pdf}
}

@online{futhark-home,
author = {Henriksen, Troels},
title  = {Why Futhark?},
date   = {2019-05},
url    = {https://futhark-lang.org/}
}

@online{ppopp,
author = {Henriksen, Troels and Thor{\o}e, Frederik and Elsman, Martin and Oancea, Cosmin},
title  = {Experimental infrastructure for the paper "Incremental Flattening for Nested Data Parallelism" at PPOPP'19. },
date   = {2019-05},
url    = {https://github.com/diku-dk/futhark-ppopp19}       
}

@inproceedings{inc-flat,
 author = {Henriksen, Troels and Thor{\o}e, Frederik and Elsman, Martin and Oancea, Cosmin},
 title = {Incremental Flattening for Nested Data Parallelism},
 booktitle = {Proceedings of the 24th Symposium on Principles and Practice of Parallel Programming},
 series = {PPoPP '19},
 year = {2019},
 isbn = {978-1-4503-6225-2},
 location = {Washington, District of Columbia},
 pages = {53--67},
 numpages = {15},
 url = {http://doi.acm.org/10.1145/3293883.3295707},
 doi = {10.1145/3293883.3295707},
 acmid = {3295707},
 publisher = {ACM},
 address = {New York, NY, USA},
 keywords = {GPGPU, compilers, functional language, parallel},
}

@article{futhark-nested-para,
 author = {Henriksen, Troels and Serup, Niels G. W. and Elsman, Martin and Henglein, Fritz and Oancea, Cosmin E.},
 title = {Futhark: Purely Functional GPU-programming with Nested Parallelism and In-place Array Updates},
 journal = {SIGPLAN Not.},
 issue_date = {June 2017},
 volume = {52},
 number = {6},
 month = jun,
 year = {2017},
 issn = {0362-1340},
 pages = {556--571},
 numpages = {16},
 url = {http://doi.acm.org/10.1145/3140587.3062354},
 doi = {10.1145/3140587.3062354},
 acmid = {3062354},
 publisher = {ACM},
 address = {New York, NY, USA},
 keywords = {GPGPU, compilers, functional language, parallel},
} 

@article{CUB,
    author =       "Duane Merrill and Michael Garland",
    title =        "Single-pass Parallel Prefix Scan with Decoupled Look-back",
    journal =      "NVIDIA Corporation",
    year =         "2016",
    DOI =          "https://research.nvidia.com/publication/single-pass-parallel-prefix-scan-decoupled-look-back",
}

@article{chainArticle,
 author = {Yan, Shengen and Long, Guoping and Zhang, Yunquan},
 title = {StreamScan: Fast Scan Algorithms for GPUs Without Global Barrier Synchronization},
 journal = {SIGPLAN Not.},
 issue_date = {August 2013},
 volume = {48},
 number = {8},
 month = feb,
 year = {2013},
 issn = {0362-1340},
 pages = {229--238},
 numpages = {10},
 url = {http://doi.acm.org/10.1145/2517327.2442539},
 doi = {10.1145/2517327.2442539},
 acmid = {2442539},
 publisher = {ACM},
 address = {New York, NY, USA},
 keywords = {cuda, gpu, opencl, parallel algorithms, prefix-sum, scan},
}


@MISC{brent-kung-img,
    author = {{Wikipedia, the free encyclopedia}},
    title = {Prefix sum},
    year = {2018},
    note = {[Online; accessed October 29, 2018]},
    url = {https://en.wikipedia.org/wiki/File:Prefix_sum_16.svg}
}

@MISC{memo,
    author = {{CUDA Toolkit Documentation}},
    title = {Memory Hierarchy, section 2.3 figure 7},
    year = {2018},
    note = {[Online; accessed November 2, 2018]},
    url = {https://docs.nvidia.com/cuda/cuda-c-programming-guide/graphics/memory-hierarchy.png}
}
